@PREAMBLE{{\providecommand{\noopsort}[1]{}}}

@article{linnik1957c,
    author = {Linnik, Vladimir P.},
    journal = {Optics and Spectroscopy},
    pages = {401--402},
    title = {On the possibility of reducing the influence of atmospheric seeing on the image quality of stars},
    volume = {3},
    year = {1957},
    note = {Translated into English by M.\ Slade in \citet{linnik1994c}.},
    language = {Russian}
}

@inproceedings{linnik1994c,
    author = {Linnik, V. P.},
    booktitle = {European Southern Observatory Conference and Workshop Proceedings},
    editor = {Merkle, F.},
    month = jan,
    pages = {535+},
    series = {European Southern Observatory Conference and Workshop Proceedings},
    title = {{On the Possibility of Reducing the Influence of Atmospheric Seeing on the Image Quality of Stars}},
    url = {http://adsabs.harvard.edu/cgi-bin/nph-bib\_query?bibcode=1994ESOC...48..535L},
    note = {English translation of \citet{linnik1957c} by M.\ Slade and edited by Jacques M.\ Beckers.},
    volume = {48},
    year = {1994}
}

@inbook{rayleigh1902c,
    address = {Cambridge},
    author = "{\noopsort{Rayleigh}}Lord Rayleigh, John William Strut",
    booktitle = {Scientific papers},
    chapter = {148},
    pages = {47--189},
    publisher = {Cambridge University Press},
    series = {Scientific papers},
    title = {{Wave Theory of Light}},
    url = {https://archive.org/details/scientificpapers03rayliala},
    volume = {3},
    year = {1902}
}

@article{kolmogorov1941c,
    author = {Kolmogorov, Andrej N.},
    journal = {Akademiia Nauk SSSR Doklady},
    pages = {301--305},
    title = {{The Local Structure of Turbulence in Incompressible Viscous Fluid for Very Large Reynolds' Numbers}},
    url = {http://adsabs.harvard.edu/cgi-bin/nph-bib\_query?bibcode=1941DoSSR..30..301K},
    note = {Translated into English by V.\ Levin in \citet{levin1991c}.},
    volume = {30},
    language = {Russian},
    year = {1941}
}

@article{levin1991c,
    abstract = {{This paper is an English translation of a work (since become classic) of Kolmogorov's first published in 1941. Definitions on the local structure of turbulence are presented, and similarity hypotheses are stated.}},
    author = {Kolmogorov, Andrej N.},
    doi = {10.1098/rspa.1991.0075},
    editor = {Levin, V.},
    howpublished = {English translation by V. Levin},
    journal = {Royal Society of London Proceedings Series A},
    month = jul,
    pages = {9--13},
    title = {{The local structure of turbulence in incompressible viscous fluid for very large Reynolds numbers}},
    note = {English translation of \citet{kolmogorov1941c} by V.\ Levin.},
    url = {http://dx.doi.org/10.1098/rspa.1991.0075},
    volume = {434},
    year = {1991}
}
